

@techreport{Symantec-Threat-Report,
    author = "{Symantec}",
    title = {{Internet Security Threat Report (ISTR)}},
    institution = {Symantec Corporation}, 
    year = {2017},
    number = {22}
}

@techreport{IBM-XForce-Report,
    author = "{IBM Security}",
    title = {{IBM X-Force Threat Intelligence Index 2017}},
    institution = {International Buisness Machines},
    year = {2017}
}

@inproceedings{7796146, 
    author={C. DeCusatis and P. Liengtiraphan and A. Sager and M. Pinelli}, 
    booktitle={2016 IEEE International Conference on Smart Cloud (SmartCloud)}, 
    title={Implementing Zero Trust Cloud Networks with Transport Access Control and First Packet Authentication}, 
    year={2016}, 
    pages={5-10}, 
    keywords={authorisation;cloud computing;computer centres;file servers;message authentication;steganography;trusted computing;TCP packet request;authentication token;cloud computing data center;data center security;enterprise-class server;first-packet authentication;steganographic overlay;transport access control;zero trust cloud network;Access control;Authentication;Cloud computing;Logic gates;Servers;authentication;cloud;cybersecurity;token;transport}, 
    doi={10.1109/SmartCloud.2016.22}, 
    month={Nov}
}

@misc{OODA,
  author = "{J. Boyd}",
  title = {{OODA Model Summary}},
  howpublished = {\url{http://www.valuebasedmanagement.net/methods_boyd_ooda_loop.html}} 
  note = {Online, Accessed 7/15/2017}
}

@article{Labouseur-DAPD-2015,
  author    = {Alan G. Labouseur and
               Jeremy Birnbaum and
               Paul W. Olsen and
               Sean R. Spillane and
               Jayadevan Vijayan and
               Jeong{-}Hyon Hwang and
               Wook{-}Shin Han},
  title     = {The G* graph database: efficiently managing large distributed dynamic
               graphs},
  journal   = {Distributed and Parallel Databases},
  volume    = {33},
  number    = {4},
  pages     = {479--514},
  year      = {2015},
  timestamp = {Sun, 30 Aug 2015 12:43:07 +0200},
  biburl    = {http://dblp.uni-trier.de/rec/bib/journals/dpd/LabouseurBOSVHH15},
  bibsource = {dblp computer science bibliography, http://dblp.org}
}

@article{inroads-Labouseur16,
  author    = {Alan Labouseur},
  title     = {G* studio: an adventure in graph databases, distributed systems, and
               software development},
  journal   = {Inroads},
  volume    = {7},
  number    = {2},
  pages     = {58--66},
  year      = {2016},
  url       = {http://dl.acm.org/citation.cfm?id=2896823},
  timestamp = {Mon, 30 May 2016 19:15:19 +0200},
  biburl    = {http://dblp.uni-trier.de/rec/bib/journals/inroads/Labouseur16},
  bibsource = {dblp computer science bibliography, http://dblp.org}
}

@misc{REST-API-use,
    author = "{Daniel R. Cogan}",
    title = {{"REpresentational State Transfer in the Modern Internet"}},
    note = {CMC Senior Theses. 1387.},
    howpublished = {\url{http://scholarship.claremont.edu/cmc_theses/1387}},
    year = {2016}
}

@misc{Nissan-Leaf,
    author = "{Troy Hunt}",
    title = {{Controlling vehicle features of Nissan LEAFs across the globe via vulnerable APIs}},
    howpublished = {\url{https://www.troyhunt.com/controlling-vehicle-features-of-nissan/}},
    month = {Feb},
    year = {2016},
    note = {Online, Accessed 7/15/2017}
}

@article{IRS,
    author = "{Stephen Ohlemacher}",
    title = {APNewsBreak: IRS says thieves stole tax info from 100,000},
    journal = {Associated Press},
    month = May,
    year = {2015}
}

@unpublished{honeypot-Def,
    author = "{William W. Martin}",
    title = {{Honey Pots and Honey Nets - Security through Deception}},
    month = {May},
    year = {2001}
}

@book{Stoll:1989:CET:67554,
     author = {Clifford Stoll},
     title = {The Cuckoo's Egg: Tracking a Spy Through the Maze of Computer Espionage},
     year = {1989},
     isbn = {0-385-24946-2},
     publisher = {Doubleday},
     address = {New York, NY, USA}
}

@inproceedings{Provos:2004:VHF:1251375.1251376,
     author = {Niels Provos},
     title = {A Virtual Honeypot Framework},
     booktitle = {Proceedings of the 13th Conference on USENIX Security Symposium - Volume 13},
     series = {SSYM'04},
     year = {2004},
     location = {San Diego, CA},
     pages = {1--1},
     numpages = {1},
     url = {http://dl.acm.org/citation.cfm?id=1251375.1251376},
     acmid = {1251376},
     publisher = {USENIX Association},
     address = {Berkeley, CA, USA}
} 

@book{Graham:2008:FAD:1355323,
     author = {Wayne Graham},
     title = {Facebook API Developers Guide (Firstpress)},
     year = {2008},
     isbn = {1430209690, 9781430209690},
     publisher = {APress}
} 

@inproceedings{SCADA-Testbed-API, 
    author={C. M. Davis and J. E. Tate and H. Okhravi and C. Grier and T. J. Overbye and D. Nicol}, 
    booktitle={2006 38th North American Power Symposium}, 
    title={SCADA Cyber Security Testbed Development}, 
    year={2006}, 
    pages={483-488}, 
    keywords={SCADA systems;power engineering computing;power system control;power system security;public utilities;SCADA cyber security testbed;power system;public networks;public utilities;supervisory control and data acquisition;vulnerability assessment;Access protocols;Communication system control;Computer security;Hardware;IEC standards;Power system modeling;Power system security;Real time systems;SCADA systems;System testing}, 
    doi={10.1109/NAPS.2006.359615}, 
    month={Sept}
}

@misc{Honeypot-API,
    title = {{Http:BL API Specification}},
    howpublsihed = {\url{https://www.projecthoneypot.org/httpbl_api.php}},
    note = {Online, Accessed 7/25/2017}
}

@misc{DoS-Def,
    title = {{Security Tip (ST04-015) Understanding Denial-of-Service Attacks}},
    year = {2013},
    howpublished = {\url{https://www.us-cert.gov/ncas/tips/ST04-015}},
    note = {Online, Accessed 7/15/2017}
}

@article{Hive-Plot,
    author = {Martin Krzywinski and Inanc Birol and Steven Jones JM and Marco A Marra},
    title = {Hive plots, a rational approach to visualizing networks},
    journal = {Briefings in Bioinformatics},
    volume = {13},
    number = {5},
    pages = {627-644},
    year = {2012},
    doi = {10.1093/bib/bbr069},
    URL = { + http://dx.doi.org/10.1093/bib/bbr069},
    eprint = {/oup/backfile/content_public/journal/bib/13/5/10.1093/bib/bbr069/2/bbr069.pdf}
}

@misc{XSS-Def,
    title = {{Cross-site Scripting (XSS)}},
    year = {2016},
    note = {Online, Accessed 7/15/2017}
}

@misc{F-Secure,
    author = "{Mikko Hypponen. and Tomi Tuominen.}",
    title = {{F-Secure State of Cyber Security}},
    howpublished = {\url{http://branden.biz/wp-content/uploads/2017/02/cyber-security-report-2017.pdf}},
    Month = {Feb},
    Year = {2017},
    note = {Online, Accessed 7/15/2017}
}

@misc{TheMoon,
    author = "{Bing Liu}",
    title = {{TheMoon - A P2P botnet targeting Home Routers}},
    howpublished = {\url{https://blog.fortinet.com/2016/10/20/themoon-a-p2p-botnet-targeting-home-routers}},
    Month = {Oct},
    Year = {2016},
    note = {Online, Accessed 7/19/2017}
}

@misc{Tomcat-Exploit,
    author = "{Tony Lee}",
    title = {{Manually Exploiting Tomcat Manager}},
    howpublished = {\url{http://blog.opensecurityresearch.com/2012/09/manually-exploiting-tomcat-manager.html}},
    Month = {Sep},
    Year = {2012},
    note = {Online, Accessed 7/19/2017}
}

@misc{Nanohttpd,
    title = {{NanoHttpd}},
    howpublished = {\url{https://github.com/NanoHttpd/nanohttpd}},
    commit = {f1cb85c},
    year = {2017},
    note = {Online, Accessed 7/15/2017}
}

@misc{unsavoryChar,
    author = "{Lawrence Fernandes}",
    title = {{Shodan: The Hackerâ€™s Search Engine}},
    howpublished = {\url{https://www.cybrary.it/0p3n/intro-shodan-search-engine-hackers/}},
    month = {Mar},
    year = {2016},
    note = {Online, Accessed 7/19/2017}
}

@misc{ab,
    title = {{ab - Apache HTTP server benchmarking tool}},
    howpublished = {\url{https://httpd.apache.org/docs/2.4/programs/ab.html}},
    note = {Online, Accessed 7/15/2017}
}

@misc{3Pillar,
    author = "{Singh Sukhwinder}",
    title = {{Performance Testing of a REstful API using JMeter}},
    howpublished = {\url{https://www.3pillarglobal.com/insights/performance-testing-of-a-restful-api-using-jmeter}},
    note = {Online, Accessed 7/12/2017}
}

@misc{site24x7,
    title = {{Performance Metrics of Rest API Monitor}},
    howpublished = {\url{https://www.site24x7.com/help/performance-metrics/rest-api.html}},
    Month = {Jul},
    Year = {2015},
    note = {Online, Accessed 7/12/2017}
}

@article{performance,
    author = "{Denys Mishunov}",
    title = {{Why Perceived Performance Matters, Part 1: The Perception Of Time}},
    journal = {Smashing Magazine},
    month = {Sep},
    year = {2015},
    note = {Online, Accessed 7/12/2017}
}
